
@misc{ekf-slam-wiki,
  author = {wikipedia},
  title = {{EKF SLAM}},
  howpublished = "\url{https://en.wikipedia.org/wiki/EKF_SLAM}",
  year = {2019}, 
  note = "[Online; accessed 12-May-2019]"
}

@article{seif,
author = {Thrun, Sebastian and Liu, Yufeng and Koller, Daphne and Y. Ng, Andrew and Ghahramani, Zoubin and F. Durrant-Whyte, Hugh},
year = {2004},
month = {07},
pages = {693-716},
title = {Simultaneous Localization and Mapping with Sparse Extended Information Filters},
volume = {23},
journal = {I. J. Robotic Res.},
doi = {10.1177/0278364904045479}
}

@book{maybeck1982stochastic,
  title={Stochastic models, estimation, and control},
  author={Maybeck, Peter S},
  volume={3},
  year={1982},
  publisher={Academic press}
}

@INPROCEEDINGS{Montemerlo02fastslam:a,
    author = {Michael Montemerlo and Sebastian Thrun and Daphne Koller and Ben Wegbreit},
    title = {FastSLAM: A Factored Solution to the Simultaneous Localization and Mapping Problem},
    booktitle = {In Proceedings of the AAAI National Conference on Artificial Intelligence},
    year = {2002},
    pages = {593--598},
    publisher = {AAAI}
}

@article{thrun2006graph,
  title={The graph SLAM algorithm with applications to large-scale mapping of urban structures},
  author={Thrun, Sebastian and Montemerlo, Michael},
  journal={The International Journal of Robotics Research},
  volume={25},
  number={5-6},
  pages={403--429},
  year={2006},
  publisher={SAGE Publications}
}

@misc{ros-amcl-robot-navigation,
  author = {Ussama Naal},
  title = {{ROS AMCL Robot Navigation}},
  howpublished = "\url{https://github.com/Samahu/RoboND-WhereAmI-Project/blob/master/Udacity_Where_Am_I_Project_Report.pdf}",
  year = {2019}, 
  note = "[Online; accessed 12-May-2019]"
}
